Plačiau apie šaltinių tipus ir jų atributus:
http://mirror.datacenter.by/pub/mirrors/CTAN/macros/latex/contrib/biblatex/doc/biblatex.pdf#subsection.2.1

@misc{salt1,
  author = {Shirag Sehra},
  title = {Decision trees explained easily},
  year = 2018,
  url = {https://medium.com/@chiragsehra42/decision-trees-explained-easily-28f23241248},
  urldate = {2020-04-30}
}

@misc{salt2,
  author = {Jay Alammar},
  title = {A Visual and Interactive Guide to the Basics of Neural Networks},
  year = 2016,
  url = {http://jalammar.github.io/visual-interactive-guide-basics-neural-networks/},
  urldate = {2020-04-30}
}

@misc{salt3,
  author = {Knut Hinkelmann},
  title = {Neural Networks},
  year = 2018,
  url = {http://didattica.cs.unicam.it/lib/exe/fetch.php?media=didattica:magistrale:kebi:ay_1718:ke-11_neural_networks.pdf},
  urldate = {2020-04-30}
}

@misc{salt4,
  author = {NVIDIA},
  title = {GPU support},
  year = 2020,
  url = {https://www.tensorflow.org/install/gpu},
  urldate = {2020-04-30}
}

@misc{salt5,
  author = {NVIDIA},
  title = {CUDA Zone},
  year = 2020,
  url = {https://developer.nvidia.com/cuda-zone},
  urldate = {2020-04-30}
}

@misc{salt6,
  author = {CS231n},
  title = {Linear classification: Support Vector Machine, Softmax},
  year = 2020,
  url = {https://cs231n.github.io/linear-classify/#softmax%20Stanford%20university%20notes},
  urldate = {2020-04-30}
}







@misc{salt,
  author = {},
  title = {},
  year = ,
  url = {},
  urldate = {2020-04-30}
}
